<record><leader>00000cas a22000007a 4500</leader><controlfield tag="001">1715749</controlfield><controlfield tag="008">751019d190119uumnuwr ne      0    0eng d</controlfield><datafield ind1=" " ind2=" " tag="010"><subfield code="a">sn 90060813 </subfield></datafield><datafield ind1=" " ind2=" " tag="040"><subfield code="a">MUL</subfield><subfield code="b">eng</subfield><subfield code="c">MUL</subfield><subfield code="d">OCL</subfield><subfield code="d">MN#</subfield><subfield code="d">OCL</subfield><subfield code="d">OCLCQ</subfield><subfield code="d">OCLCF</subfield><subfield code="d">OCLCO</subfield></datafield><datafield ind1=" " ind2=" " tag="019"><subfield code="a">1769940</subfield></datafield><datafield ind1="1" ind2=" " tag="029"><subfield code="a">AU@</subfield><subfield code="b">000025848139</subfield></datafield><datafield ind1=" " ind2=" " tag="042"><subfield code="a">msc</subfield></datafield><datafield ind1=" " ind2=" " tag="043"><subfield code="a">n-us-mn</subfield></datafield><datafield ind1=" " ind2=" " tag="052"><subfield code="a">4144</subfield><subfield code="b">W8</subfield></datafield><datafield ind1=" " ind2=" " tag="052"><subfield code="a">4143</subfield><subfield code="b">W8</subfield></datafield><datafield ind1="0" ind2=" " tag="130"><subfield code="a">Winona Republican and herald (Winona, Minn. : Weekly)</subfield></datafield><datafield ind1="0" ind2="0" tag="245"><subfield code="a">Winona Republican and herald.</subfield></datafield><datafield ind1="1" ind2="7" tag="246"><subfield code="a">Winona weekly Republican and herald</subfield><subfield code="f">Feb. 22, 1901-Feb. 17, 1905</subfield></datafield><datafield ind1="1" ind2="3" tag="246"><subfield code="a">Republican herald</subfield></datafield><datafield ind1="3" ind2="0" tag="246"><subfield code="a">Winona Republican-herald</subfield></datafield><datafield ind1="3" ind2="0" tag="246"><subfield code="a">Winona Republican herald</subfield></datafield><datafield ind1="1" ind2="7" tag="246"><subfield code="a">Winona weekly Republican-herald</subfield><subfield code="f">Feb. 24, 1905-June 28, 1906</subfield></datafield><datafield ind1="3" ind2="0" tag="246"><subfield code="a">Winona weekly Republican herald</subfield></datafield><datafield ind1=" " ind2=" " tag="260"><subfield code="a">Winona, Minn. :</subfield><subfield code="b">Fred N. Van Duzee,</subfield><subfield code="c">1901-</subfield></datafield><datafield ind1=" " ind2=" " tag="300"><subfield code="a">v.</subfield></datafield><datafield ind1=" " ind2=" " tag="310"><subfield code="a">Weekly</subfield></datafield><datafield ind1="0" ind2=" " tag="362"><subfield code="a">[Vol. 1, no. 1] (Feb. 22, 1901)-</subfield></datafield><datafield ind1=" " ind2=" " tag="500"><subfield code="a">Issue for Feb. 22, 1901, published as: Winona weekly herald.</subfield></datafield><datafield ind1=" " ind2=" " tag="500"><subfield code="a">Published as: The Winona Republican-herald, Feb. 24, 1905-June 28, 1906.</subfield></datafield><datafield ind1=" " ind2=" " tag="530"><subfield code="a">Available on microfilm from the Minnesota Historical Society.</subfield></datafield><datafield ind1=" " ind2=" " tag="580"><subfield code="a">Tues. ed.: Winona weekly news, Feb. 22, 1901-June 27, 1905.</subfield></datafield><datafield ind1=" " ind2="0" tag="651"><subfield code="a">Winona (Minn.)</subfield><subfield code="v">Newspapers.</subfield></datafield><datafield ind1=" " ind2="7" tag="655"><subfield code="a">Newspapers.</subfield><subfield code="2">fast</subfield><subfield code="0">(OCoLC)fst01423814</subfield></datafield><datafield ind1=" " ind2="7" tag="651"><subfield code="a">Minnesota</subfield><subfield code="z">Winona.</subfield><subfield code="2">fast</subfield><subfield code="0">(OCoLC)fst01202921</subfield></datafield><datafield ind1=" " ind2=" " tag="752"><subfield code="a">United States</subfield><subfield code="b">Minnesota</subfield><subfield code="c">Winona</subfield><subfield code="d">Winona.</subfield></datafield><datafield ind1="0" ind2=" " tag="775"><subfield code="t">Winona Republican and herald (Winona, Minn.: Daily)</subfield><subfield code="w">(DLC)sn 90060814</subfield></datafield><datafield ind1="1" ind2=" " tag="775"><subfield code="t">Winona weekly news</subfield><subfield code="w">(DLC)sn 90060816</subfield></datafield><datafield ind1="0" ind2="4" tag="780"><subfield code="t">Winona herald</subfield><subfield code="w">(DLC)sn 83016809</subfield></datafield><datafield ind1="0" ind2="4" tag="780"><subfield code="t">Winona weekly Republican</subfield><subfield code="w">(DLC)sn 83025289</subfield></datafield></record>